
%% Created for Jakob Suckale at 2007-09-06 11:30:44 +0200 


%% Saved with string encoding Unicode (UTF-8) 



@Book{HartleyMultipleView,
	Author = {Hartley R. and Zisserman A.},
	publisher = {Cambridge University Press},
	title = {Multiple view geometry in computer vision},
	edition  = {2. edition},
	year = {2004}
}

@Book{Cyganek3dVision,
	Author = {Cyganek B. and Siebert J. Paul},
	publisher = {WILEY - John Wiley & Sons},
	title = {An Introduction To 3D Computer Vision Techniques and Algorithms},
	edition  = {1. edition},
	year = {2009}
}

@article{HellwichEvaluation,
	Author = {Volker Rodehorst, Matthias Heinrichs and Olaf Hellwich},
	Journal = {The International Archives of the Photogrammetry, Remote Sensing and Spatial Information Sciences},
	Title = {Evaluation Of Relative Pose Estimation Methods For Multi-Camera Setups},
	volume   = {Vol. XXXVII. Part B3b},
	Year = {2008}	
}

@article{8Point,
    author    = {Richard I. Hartley},
    title     = {In Defense of the Eight-Point Algorithm},
    journal   = {IEEE Trans. on Pattern Analysis and Machine Intelligence},
    volume    = {VOL. 19},
    number    = {no. 6},
    pages     = {580-593},
    year      = {1997}
}

@article{Nister5point,
    author    = {Nister D.},
    title     = {An efficient solution to the five-point relative pose problem},
    journal   = {IEEE Conf. on Computer Vision and Pattern Recognition},
    volume    = {2},
    pages     = {195-202.},
    year      = {2004}
}

@article{Batra5point,
    author    = {Batra D. and Nabbe B. and Hebert M.},
    title     = {An alternative formulation for five point relative pose problem},
    journal   = {IEEE Workshop on Motion and Video Computing WMVC '07},
    pages     = {6},
    year      = {2007}
}

@article{4point,
    author    = {Bo Li and Lionel Heng and Gim Hee Lee and Marc Pollefeys},
    title     = {A 4-Point Algorithm for Relative Pose Estimation of a Calibrated Camera with a Known Relative Rotation Angle},
    journal   = {submitted to the IEEE/RSJ International Conference on Intelligent Robots and Systems (IROS)},
    year      = {2013}
}

@article{1point,
    author    = {D. Scaramuzza},
    title     = {1-Point-RANSAC Structure from Motion for Vehicle-Mounted Cameras by Exploiting Non-holonomic Constraints},
    journal   = {International Journal of Computer Vision},
    pages     = {74-85},
    volume    = {95},
    number    = {1},
    year      = {2011}
}
@article{RansacRefine,
    author    = {Tom Botterill and Steven Mills and Richard Green},
    title     = {Refining essential matrix estimates from RANSAC},
    journal   = {In Proceedings of Image and Vision Computing},
    year      = {2011}
}
@article{lineBasedPose,
    author    = {Ali Elqursh and Ahmed Elgammal},
    title     = {Line-Based Relative Pose Estimation},
    journal   = {Computer Vision and Pattern Recognition (CVPR)},
    year      = {2011}
}

@article{monoSlam,
    author    = {Andrew J. Davison and Ian D. Reid and Nicholas D. Molton and Olivier Stasse},
    title     = {MonoSLAM: Real-Time Single Camera SLAM},
    journal   = {Pattern Analysis and Machine Intelligence, IEEE Transactions on  (Volume:29 ,  Issue: 6 )},
    year      = {2007}
}

@article{combinedMonoSlam,
    author    = {R. O. Castle and G. Klein and D. W. Murray},
    title     = {Combining monoSLAM with Object Recognition for Scene Augmentation using a Wearable Camera},
    journal   = {Preprint submitted to Image and Vision Computing},
    year      = {2010}
}	

@article{objectRecAndLoc,
    author    = {Robert O. Castle and David W. Murra},
    title     = {Object Recognition and Localization while Tracking and Mapping},
    journal   = {Mixed and Augmented Reality (ISMAR), 2009 IEEE International Symposium},
    year      = {2009}
}	

@article{simultanousRecLocMap,
    author    = {Robert Castle (Supervisor David Murray)},
    title     = {Simultaneous Recognition, Localization and Mapping for Wearable Visual Robots},
    journal   = {DPhil Thesis, University of Oxford},
    year      = {2009}
}	

@article{pureTransl,
    author    = {Zezhi Chen and Nick Pears and John Mcdermid and Thomas Heseltine},
    title     = {Epipole Estimation under Pure Camera Translation},
    journal   = {Proc. VIIth Digital Image Computing: Techniques and Applications},
    year      = {2003}
}

@article{handHeldCamera,
    author    = {Marc Pollefeys and Luc Van Gooland Maarten Vergauwenand Frank Verbiest and Kurt Cornelis and Jan Tops and Reinhard Koch},
    title     = {Visual modelling with a hand-held camera},
    journal   = {International Journal of Computer Vision},
    volume    = {59},
    pages     = {207-232},
    year      = {2004}
}

@article{ptam,
    author    = {Georg Klein and David Murray},
    title     = {Parallel Tracking and Mapping for Small AR Workspaces},
    journal   = {Proceeding ISMAR '07 Proceedings of the 2007 6th IEEE and ACM International Symposium on Mixed and Augmented Reality},
    year      = {2007}
}

@article{rotationSpaceSearch,
    author    = {Richard I. Hartley and Fredrik Kahl},
    title     = {Global Optimization through Rotation Space Search},
    journal   = {International Journal of Computer Vision},
    volume    = {82},
    pages     = {64-79},
    year      = {2009}
}

@TECHREPORT{Enqvist10stablestructure,
    author = {Olof Enqvist and Carl Olsson and Fredrik Kahl},
    title = {Stable structure from motion using rotational consistency},
    institution = {TU Berlin},
    year = {2010}
}

@article{robustCameraImu,
    author    = {Laurent Kneip and Margarita Chli and Roland Siegwart},
    title     = {Robust Real-Time Visual Odometry with a Single Camera and an IMU},
    journal   = {Proceedings of the British Machine Vision Conference},
    pages     = {16.1-16.11},
    year      = {2011}
}

@article{iterative5point,
    author    = {Vincent Lui and Tom Drummond},
    title     = {An Iterative 5-pt Algorithm for Fast and Robust Essential Matrix Estimation},
    journal   = {},
    year      = {2013}
}


@article{distributedAR,
    author    = {Winston Yii and Wai Ho Li and Tom Drummond},
    title     = {Distributed Visual Processing for Augmented Reality},
    journal   = {Mixed and Augmented Reality (ISMAR), 2012 IEEE International Symposium},
    year      = {2012}
}

@article{2point,
    author    = {C. Troiani and A. Martinelli and C. Laugier and D. Scaramuzza},
    title     = {2-Point-based Outlier Rejection for Camera-IMU Systems with applications to Micro Aerial Vehicles},
    journal   = {Robotics and Automation (ICRA), 2014 IEEE International Conference},
    year      = {2014}
}

@article{homographyMobile,
    author    = {Christian Pirchheim and Gerhard Reitmayr},
    title     = {Homography-Based Planar Mapping and Tracking for Mobile Phones},
    journal   = {Mixed and Augmented Reality (ISMAR), 2011 10th IEEE International Symposium},
    year      = {2011}
}

@article{indoorPosition,
    author    = {S. Ubejd and R. Angel},
    title     = {Indoor Positioning using Sensor-fusion in Android Devices},
    journal   = {Master Thesis, School of Health and Society, Department Computer Science, Kristianstad University, Sweden},
    year      = {2011}
}

@article{sensorFusionSmartphones,
    author    = {Shahid Ayub and Alireza Bahraminisaab and Bahram Honary},
    title     = {A Sensor Fusion Method for Smart phone Orientation Estimation},
    journal   = {13th Annual Post Graduate Symposium on the Convergence of Telecommunications, Networking and Broadcasting},
    year      = {2012}
}

@misc{website:extendedSensorFusion,
    author    = {Gabriele Ligorio* and Angelo Maria Sabatini},
    title     = {Extended Kalman Filter-Based Methods for Pose Estimation Using Visual, Inertial and Magnetic Sensors: Comparative Analysis and Performance Evaluation},
      month = {February},
      year = {2013},
      url = {http://www.ncbi.nlm.nih.gov/pmc/articles/PMC3649364/}
}

@article{autoGait,
    author    = {Dae-Ki Cho and Min Mun and Uichin Lee and William J. Kaiser and Mario Gerla},
    title     = {AutoGait: A Mobile Platform that Accurately Estimates the Distance Walked},
    journal   = {IEEE PerCom'10, Mannheim, Germany},
    year      = {2010}
}

@misc{website:bundle-adjustment,
      author = {Wikipedia (Unknown contributors)},
      title = {Bundle Adjustment},
      month = {December},
      year = {2014},
      url = {http://en.wikipedia.org/wiki/Bundle_adjustment}
}

@misc{website:featureDetection,
      author = {Wikipedia (Unknown contributors)},
      title = {Feature detection computer vision},
      month = {December},
      year = {2014},
      url = {http://en.wikipedia.org/wiki/Feature_detection_computer_vision}
}
@misc{website:SIFT,
      author = {Wikipedia (Unknown contributors)},
      title = {Scale-invariant feature transform},
      month = {December},
      year = {2014},
      url = {http://en.wikipedia.org/wiki/Scale-invariant_feature_transform}
}
@misc{website:ransac,
      author = {Wikipedia (Unknown contributors)},
      title = {RANSAC},
      month = {December},
      year = {2014},
      url = {http://en.wikipedia.org/wiki/RANSAC}
}

@misc{website:pcl,
      author = {Multiple contributors},
      title = {Point Cloud Library},
      month = {December},
      year = {2014},
      url = {http://pointclouds.org/}
}

@misc{website:poseEstimation,
      author = {Multiple contributors to OpenCV},
      title = {Real time pose estimation},
      month = {December},
      year = {2014},
      url = {http://docs.opencv.org/trunk/doc/tutorials/calib3d/real_time_pose/real_time_pose.html}
}

@misc{website:cameraCalibration,
      author = {Multiple contributors to OpenCV},
      title = {Camera calibration With OpenCV},
      month = {December},
      year = {2014},
      url = {http://docs.opencv.org/trunk/doc/tutorials/calib3d/camera_calibration/camera_calibration.html}
}

@misc{website:sensorFusion,
      author = {Wikipedia (Unknown contributors)},
      title = {Sensor fusion},
      month = {December},
      year = {2014},
      url = {http://en.wikipedia.org/wiki/Sensor_fusion}
}

@misc{website:magnetometer,
      author = {Wikipedia (Unknown contributors)},
      title = {Magnetometer},
      month = {December},
      year = {2014},
      url = {http://en.wikipedia.org/wiki/Magnetometer}
}

@misc{website:accelerometer,
      author = {Wikipedia (Unknown contributors)},
      title = {Accelerometer},
      month = {December},
      year = {2014},
      url = {http://en.wikipedia.org/wiki/Accelerometer}
}

@misc{website:gyroscope,
      author = {Wikipedia (Unknown contributors)},
      title = {Gyroscope},
      month = {December},
      year = {2014},
      url = {http://en.wikipedia.org/wiki/Gyroscope}
}

@misc{website:kalmann,
      author = {Wikipedia (Unknown contributors)},
      title = {Kalman filter},
      month = {December},
      year = {2014},
      url = {http://en.wikipedia.org/wiki/Kalman_filter}
}

@misc{website:androidSensorFusion,
      author = {Google Tech Talks},
      title = {Sensor Fusion on Android Devices: A Revolution in Motion Processing},
      month = {August},
      year = {2010},
      url = {https://www.youtube.com/watch?v=C7JQ7Rpwn2k&feature=youtu.be}
}

@misc{website:androidSensorOverview,
      author = {Google},
      title = {Sensor overview in Android},
      month = {December},
      year = {2014},
      url = {http://developer.android.com/guide/topics/sensors/sensors_overview.html}
}

@misc{website:walkingSpeed,
      author = {Wikipedia (Unknown contributors)},
      title = {Preferred Walking speed},
      month = {December},
      year = {2014},
      url = {http://en.wikipedia.org/wiki/Preferred_walking_speed}
}

@misc{website:gradle,
      author = {Google},
      title = {Android Build System Overview},
      month = {December},
      year = {2014},
      url = {http://developer.android.com/sdk/installing/studio-build.html}
}

@misc{website:sfm,
      author = {Roy Shil},
      title = {A toy library for Structure from Motion using OpenCV 2.3+},
      month = {December},
      year = {2014},
      url = {https://github.com/royshil/SfM-Toy-Library}
}

@misc{website:relativePoseLibrary,
      author = {Bo Li},
      title = {Relative Pose Estimation},
      month = {December},
      year = {2014},
      url = {https://github.com/prclibo/relative-pose-estimation}
}

@misc{website:sba,
      author = {Manolis Lourakis },
      title = {sba : A Generic Sparse Bundle Adjustment C/C++ Package Based on the Levenberg-Marquardt Algorithm},
      month = {December},
      year = {2014},
      url = {http://users.ics.forth.gr/~lourakis/sba/}
}

@misc{website:eulerAngles,
      author = {MathWorld},
      title = {Euler Angles},
      month = {December},
      year = {2014},
      url = {http://mathworld.wolfram.com/EulerAngles.html}
}

@misc{website:cvsba,
      author = {Aplicaciones de la Visión Artificial (A.V.A) de la Universidad de Córdoba},
      title = {cvsba: an OpenCV wrapper for sba library},
      month = {December},
      year = {2014},
      url = {http://www.uco.es/investiga/grupos/ava/node/39}
}

@misc{website:3dReconstructerMasterThesis,
      author = {Krzysztof Wrobel},
      title = {Enhancing 3D reconstruction with Sensor Fusion Data},
      month = {December},
      year = {2014},
      url = {https://github.com/KrzysztofWrobel/MasterThesisSource}
}

@misc{website:failMatching,
      author = {G. Tolias and Y. Avrithis},
      title = {Speeded-up, Relaxed Spatial Matching},
      month = {March},
      year = {2015},
      url = {http://image.ntua.gr/iva/research/relaxed_spatial_matching/}
}

@misc{website:gravity_orientation,
      author = {Christopher J. Fisher},
      title = {Using An Accelerometer for Inclination Sensing},
      month = {March},
      year = {2015},
      url = {http://www.digikey.com/en/articles/techzone/2011/may/using-an-accelerometer-for-inclination-sensing}
}








